@article{MAC-essential:Bachir,
 author = {Bachir, A. and Dohler, M. and Watteyne, T. and Leung, K. K.},
 title = {{MAC Essentials for Wireless Sensor Networks}},
 journal = {IEEE Communications Surveys \& Tutorials},
 issue_date = {April 2010},
 volume = {12},
 number = {2},
 month = apr,
 year = {2010},
 issn = {1553-877X},
 pages = {222--248},
 numpages = {27},
 doi = {10.1109/SURV.2010.020510.00058},
 acmid = {2211358},
 publisher = {IEEE Press},
 keywords = {Energy Saving Protocols, Medium Access Control, Wireless Sensor Networks},
}
@inproceedings{Polastre:2004:VLP:1031495.1031508,
 author = {Polastre, Joseph and Hill, Jason and Culler, David},
 title = {{Versatile Low Power Media Access for Wireless Sensor Networks}},
 booktitle = {Proceedings of the 2$^{\textrm nd}$ ACM International Conference on Embedded Networked Sensor Systems (SenSys)},
 month = NOV,
 year = {2004},
 isbn = {1-58113-879-2},
 pages = {95--107},
 numpages = {13},
 doi = {10.1145/1031495.1031508},
 acmid = {1031508},
 keywords = {communication interfaces, energy efficient operation, media access protocols, networking, reconfigurable protocols, wireless sensor networks},
}
@inproceedings{wiseMac,
 author = {El-Hoiydi, A. and Decotignie, J.-D.},
 title = {{WiseMAC: An Ultra Low Power MAC Protocol for the Downlink of Infrastructure Wireless Sensor Networks}},
 booktitle = {Proceedings of the 9$^{\textrm th}$ International Symposium on Computers and Communications (ISCC)},
 isbn = {0-7803-8623-X},
 pages = {244--251},
 numpages = {8},
 acmid = {1129805},
 year = {2004},
 month = JUN,
}
@inproceedings{RI-MAC,
 author = {Sun, Yanjun and Gurewitz, Omer and Johnson, David B.},
 title = {{RI-MAC: A Receiver-initiated Asynchronous Duty Cycle MAC Protocol for Dynamic Traffic Loads in Wireless Sensor Networks}},
 booktitle = {Proceedings of the 6$^{\textrm th}$ ACM International Conference on Embedded Networked Sensor Systems (SenSys)},
 isbn = {978-1-59593-990-6},
 pages = {1--14},
 numpages = {14},
 doi = {10.1145/1460412.1460414},
 acmid = {1460414},
 year ={2008},
 month = NOV,
 keywords = {asynchronous duty cycling, energy, medium access control, ns-2, sensor networks, tinyos},
}
@inproceedings{pw-mac,
    author = {Lei Tang and Yanjun Sun and Omer Gurewitz and David B. Johnson},
    title = {{PW-MAC: An Energy-Efficient Predictive-Wakeup MAC Protocol for Wireless Sensor Networks}},
    booktitle = {Proceedings of the 30$^{\textrm th}$ IEEE International Conference on Computer Communications (INFOCOM)},
    year = {2011},
    month = APR,
    pages = {1305-1313}
}
@article{tad-mac,
  title = {{TAD-MAC: Traffic-Aware Dynamic MAC Protocol for Wireless Body Area Sensor Networks}},
  author = {Muhammad Mahtab Alam and Olivier Berder and Daniel Menard and Olivier Sentieys},
  year = {2012},
  doi = {http://dx.doi.org/10.1109/JETCAS.2012.2187243},
  researchr = {http://researchr.org/publication/AlamBMS12},
  cites = {0},
  citedby = {0},
  journal = {IEEE Journal on Emerging and Selected Topics in Circuits and Systems},
  volume = {2},
  number = {1},
  pages = {109-119},
}

@inproceedings{smac,
  title = {{An energy-efficient MAC protocol for wireless sensor networks}},
  author = {W. Ye and J. Heidemann and D. Estrin}, 
  booktitle = {Proceedings of the 21$^{\textrm st}$ IEEE International Conference on Computer Communications (INFOCOM)},
  year = {2002},
  month = JUN,
  pages = {1567-1576}
}

@inproceedings{vanDam:2003:AEM:958491.958512,
 author = {van Dam, Tijs and Langendoen, Koen},
 title = {{An Adaptive Energy-efficient MAC Protocol for Wireless Sensor Networks}},
 booktitle = {Proceedings of the 1$^{\textrm st}$ ACM International Conference on Embedded Networked Sensor Systems (SenSys)},
 year = {2003},
 month = NOV,
 isbn = {1-58113-707-9},
 pages = {171-180},
 numpages = {10},
 doi = {10.1145/958491.958512},
 keywords = {MAC protocol, ad-hoc, energy-efficiency, sensor networks},
}
@inproceedings{x-mac,
 author = {Buettner, Michael and Yee, Gary V. and Anderson, Eric and Han, Richard},
 title = {{X-MAC: A Short Preamble MAC Protocol for Duty-cycled Wireless Sensor Networks}},
 booktitle = {Proceedings of the 4$^{\textrm th}$ ACM International Conference on Embedded Networked Sensor Systems (SenSys)},
 year = {2006},
 month = OCT,
 isbn = {1-59593-343-3},
 pages = {307--320},
 numpages = {14},
 doi = {10.1145/1182807.1182838},
 keywords = {energy efficient operation, media access protocols},
}
@INPROCEEDINGS{ricer,
    author = {En-yi A. Lin and Jan M. Rabaey},
    title = {{Power-efficient rendez-vous schemes for dense wireless sensor networks}},
    booktitle = {Proceedings of the 11$^{\textrm th}$ IEEE International Conference on Communications (ICC)},
    pages = {3769--3776},
    year = {2004},
    month = JUN,
}

@INPROCEEDINGS{RICER3b, 
author={Lin, E.-Y.A. and Rabaey, J.M. and Wiethoelter, S. and Wolisz, A.}, 
booktitle={Proceedings of the 48$^{\textrm th}$ IEEE Global Telecommunications Conference (GLOBECOM)}, 
title={{Receiver initiated rendezvous schemes for sensor networks}},
year={2005}, 
volume={5}, 
pages={3122--3128}, 
keywords={energy conservation;power consumption;wireless sensor networks;power consumption reduction;power efficiency;receiver initiated rendezvous schemes;wireless sensor networks;Analytical models;Delay;Energy consumption;Fading;Monitoring;Performance analysis;Sensor phenomena and characterization;Telecommunication traffic;Transceivers;Wireless sensor networks}, 
doi={10.1109/GLOCOM.2005.1578331}, 
month=DEC,
}

@MISC{CC2420:2015:Online,
  key = {{CC2420}},
  title = {{CC2420 Single-Chip 2.4GHz}},
  note = {
    {URL:} \url{http://www.ti.com/product/CC2420/technicaldocuments} [accessed: 2015-11-29]
    },
}
@MISC{MICAz:2015:Online,
  key = {{MICAz}},
  title = {{MEMSIC, Inc -  WSN Nodes | MPR2400CB}},
  note = {
    {URL:} \url{http://www.memsic.com/wireless-sensor-networks/MPR2400CB} [accessed: 2015-11-29]
    },
}
@MISC{TelosB:2015:Online,
  key = {{TelosB}},
  title = {{MEMSIC, Inc -  WSN Nodes | TPR2420}},
  note = {
    {URL:} \url{http://www.memsic.com/wireless-sensor-networks/TPR2420} [accessed: 2015-11-29]
    },
}
@MISC{PowWow:2015:Online,
  key = {{PowWow}},
  title = {{Power Optimized Hardware and Software FrameWork for Wireless Motes}},
  note = {
    {URL:} \url{http://powwow.gforge.inria.fr/} [accessed: 2015-11-29]
    },
}

@Misc{IOT:Online,
key = {{Internet of Things}},
title = {{Definition of the Internet of Things (IoT)}},
note = {
	{URL:} \url{http://iot.ieee.org/definition.html} [accessed: 2015-11-29]
},
}

@inproceedings{fta-mac,
 author = {Van Thiep, Nguyen and Gautier, Matthieu and Berder, Oliver},
 title = {{FTA-MAC: Fast Traffic Adaptive energy efficient MAC protocol for Wireless Sensor Networks}},
 booktitle = {Proceedings of the 11$^{\textrm th}$ International Conference on Cognitive Radio Oriented Wireless Networks (CROWNCOM 2016)},
 year = {2016},
 month = May,
 day = 30,
 isbn = {978-3-319-40352-6},
 pages = {207--219},
 numpages = {14},
 doi = {10.1007/978-3-319-40352-6_17},
 keywords = {Energy-efficient MAC protocol, Traffic aware, Wireless sensor networks, Wake-up interval},
}
